<?xml version="1.0" encoding="UTF-8"?>
<collection xmlns:xsi="http://www.w3.org/2001/XMLSchema-instance" xsi:schemaLocation="http://www.loc.gov/MARC21/slim http://www.loc.gov/standards/marcxml/schema/MARC21slim.xsd" xmlns="http://www.loc.gov/MARC21/slim">
<record>
  <leader>01527cam a2200289 a 4500</leader>
  <controlfield tag="001">2686393</controlfield>
  <controlfield tag="003">NNC</controlfield>
  <controlfield tag="005">20130425144523.0</controlfield>
  <controlfield tag="008">000511s1952    le a     b    001 0 arard</controlfield>
  <datafield tag="035" ind1=" " ind2=" ">
    <subfield code="a">(OCoLC)ocm44035176</subfield>
  </datafield>
  <datafield tag="035" ind1=" " ind2=" ">
    <subfield code="9">ARD6005CU</subfield>
  </datafield>
  <datafield tag="035" ind1=" " ind2=" ">
    <subfield code="a">(NNC)2686393</subfield>
  </datafield>
  <datafield tag="040" ind1=" " ind2=" ">
    <subfield code="a">IUL</subfield>
    <subfield code="c">IUL</subfield>
    <subfield code="d">ZCU</subfield>
  </datafield>
  <datafield tag="043" ind1=" " ind2=" ">
    <subfield code="a">a-le---</subfield>
  </datafield>
  <datafield tag="050" ind1=" " ind2="4">
    <subfield code="a">DS80.5</subfield>
    <subfield code="b">.A28</subfield>
  </datafield>
  <datafield tag="099" ind1=" " ind2=" ">
    <subfield code="a">956.9</subfield>
    <subfield code="a">Ab91</subfield>
  </datafield>
  <datafield tag="100" ind1="1" ind2=" ">
    <subfield code="a">Abū Shaqrā, Ḥusayn Ghadbān,</subfield>
    <subfield code="d">-1903.</subfield>
  </datafield>
  <datafield tag="245" ind1="1" ind2="3">
    <subfield code="a">al-Ḥarakāt fī Lubnān ilá ʻahd al-Mutaṣarrifīyah :</subfield>
    <subfield code="b">wa-hiya shahādah Durzīyah sarīḥah fī makhṭutah tulimmu bi-hawādith Lubnān wa-ahwālihi yudli bi-hā min ruwāt al-Durūz shāhid ʻiyān wa-yusāhimu bi-hā wahid minhum li-awwal marrah fī taʾrīkh Lubnān /</subfield>
    <subfield code="c">al-rāwī Ḥusayn Ghaḍbān Abū Shaqrā ; al-muʾallif Yūsuf Khaṭṭār Abū Shaqrā ; taḥarrá naṣṣahā wa-ʻallaqa hawāshīhā wa-malāhiqahā wa-waḍʻa muqaddimatahā wa-fahārisahā ʻĀrif Abū Shaqrā.</subfield>
  </datafield>
  <datafield tag="246" ind1="1" ind2=" ">
    <subfield code="i">Title on p. [4] of cover:</subfield>
    <subfield code="a">Troubles in Lebanon:</subfield>
    <subfield code="b">an account of political events in Lebanon from 1785 to 1865 by a Druz eye-witness</subfield>
  </datafield>
  <datafield tag="260" ind1=" " ind2=" ">
    <subfield code="a">Bayrūt :</subfield>
    <subfield code="b">Maṭbaʻat al-Ittiḥād,</subfield>
    <subfield code="c">1952.</subfield>
  </datafield>
  <datafield tag="300" ind1=" " ind2=" ">
    <subfield code="a">12, 244 p. :</subfield>
    <subfield code="b">ill. ;</subfield>
    <subfield code="c">24 cm.</subfield>
  </datafield>
  <datafield tag="504" ind1=" " ind2=" ">
    <subfield code="a">Includes bibliographical references and index.</subfield>
  </datafield>
  <datafield tag="650" ind1=" " ind2="0">
    <subfield code="a">Druzes</subfield>
    <subfield code="z">Lebanon</subfield>
    <subfield code="x">History.</subfield>
  </datafield>
  <datafield tag="651" ind1=" " ind2="0">
    <subfield code="a">Lebanon</subfield>
    <subfield code="x">History</subfield>
    <subfield code="y">1516-1918.</subfield>
  </datafield>
  <datafield tag="700" ind1="1" ind2=" ">
    <subfield code="a">Abū Shaqrā, Yūsuf Khaṭṭār,</subfield>
    <subfield code="d">approximately 1875-1904.</subfield>
  </datafield>
  <datafield tag="700" ind1="1" ind2=" ">
    <subfield code="a">Abū Shaqrā, ʻĀrif.</subfield>
  </datafield>
  <datafield tag="955" ind1=" " ind2=" ">
    <subfield code="b">0026812860</subfield>
    <subfield code="d">glx</subfield>
    <subfield code="e">956.9 Ab91</subfield>
  </datafield>
</record>
</collection>